<?xml version="1.0" encoding="UTF-8"?><collection xmlns="http://www.loc.gov/MARC21/slim"><record><leader>00626nam--2200181-i-4500</leader><controlfield tag="001">000006799</controlfield><controlfield tag="002">20161230</controlfield><controlfield tag="005">20161230201027</controlfield><controlfield tag="008">060222s1000------------r-----000-0-eng-d</controlfield><datafield ind1=" " ind2=" " tag="040"><subfield code="a">IFIN-HH</subfield></datafield><datafield ind1=" " ind2=" " tag="080"><subfield code="a">539.1.08</subfield></datafield><datafield ind1="1" ind2=" " tag="110"><subfield code="a">United States Department Of Commerce</subfield></datafield><datafield ind1="1" ind2="0" tag="245"><subfield code="a">Clinical dosimetry</subfield><subfield code="b">Recommendations of the international commission on radiological units an d measurements (1962) icru report 10d</subfield></datafield><datafield ind1=" " ind2=" " tag="260"><subfield code="a">Washington</subfield><subfield code="b">National Bureau Of Standards</subfield><subfield code="c">1963</subfield></datafield><datafield ind1=" " ind2=" " tag="300"><subfield code="a">VIII + 61 P</subfield></datafield><datafield ind1=" " ind2=" " tag="490"><subfield code="a">National Bureau Of Standards</subfield><subfield code="v">Handbook 87</subfield></datafield><datafield ind1=" " ind2=" " tag="852"><subfield code="a">18141</subfield><subfield code="c">539.1.07:539.1.08</subfield></datafield><datafield ind1=" " ind2=" " tag="CAT"><subfield code="a">Sys</subfield><subfield code="c">20111018</subfield><subfield code="h">134632</subfield></datafield></record></collection>